@online{mps,
author = {Jetbrains},
title = {MPS, Meta Programming System},
year = "2018",
url= {https://www.jetbrains.com/mps/}
}
